<record><leader>00000cas a22000007a 4500</leader><controlfield tag="001">16864870</controlfield><controlfield tag="008">871019c19879999ohuwr ne      0   a0eng d</controlfield><datafield ind1=" " ind2=" " tag="010"><subfield code="a">sn 87003842 </subfield></datafield><datafield ind1=" " ind2=" " tag="040"><subfield code="a">NSD</subfield><subfield code="b">eng</subfield><subfield code="c">NSD</subfield><subfield code="d">OCLCQ</subfield></datafield><datafield ind1=" " ind2=" " tag="012"><subfield code="m">1</subfield></datafield><datafield ind1="1" ind2=" " tag="022"><subfield code="a">0895-9501</subfield><subfield code="l">0895-9501</subfield><subfield code="2">1</subfield></datafield><datafield ind1=" " ind2=" " tag="032"><subfield code="a">001357</subfield><subfield code="b">USPS</subfield></datafield><datafield ind1=" " ind2=" " tag="037"><subfield code="b">West Chester Press, PO Box 634, West Chester, OH 45069</subfield></datafield><datafield ind1=" " ind2=" " tag="042"><subfield code="a">nsdp</subfield></datafield><datafield ind1=" " ind2="0" tag="222"><subfield code="a">West Chester press</subfield></datafield><datafield ind1="0" ind2="0" tag="245"><subfield code="a">West Chester press.</subfield></datafield><datafield ind1="3" ind2="0" tag="246"><subfield code="a">Suburban press, West Chester press</subfield></datafield><datafield ind1=" " ind2=" " tag="260"><subfield code="a">West Chester, Ohio :</subfield><subfield code="b">West Chester Press,</subfield><subfield code="c">c1987-</subfield></datafield><datafield ind1=" " ind2=" " tag="300"><subfield code="a">v.</subfield></datafield><datafield ind1=" " ind2=" " tag="310"><subfield code="a">Weekly</subfield></datafield><datafield ind1="0" ind2=" " tag="362"><subfield code="a">Vol. 1, no. 1 (May 1987)-</subfield></datafield><datafield ind1=" " ind2=" " tag="752"><subfield code="a">United States</subfield><subfield code="b">Ohio</subfield><subfield code="c">Butler</subfield><subfield code="d">West Chester.</subfield></datafield></record>